@inproceedings{Bolognani-Zigliotto,
author = {S.Bolognani and M. Zigliotto},
title = {{S}elf-{C}ommissioning {C}ompensation of {I}nverter {N}on-{I}dealities for {S}ensorless {AC} {D}rives {A}pplications},
booktitle = {{P}roceedings of {IEE} {I}nternational {C}onference on {P}ower {E}lectronics, {M}achines and {D}rives ({PEMD} 2002)},
language = {},
series = {},
editor = {},
volume = {},
number = {},
organization = {},
address = {Bath, UK},
publisher = {},
month = jun,
year = {2002},
paper = {},
type = {},
pages = {30--37},
note = {},
url = {}
}

@article{Munoz-Lipo,
author = {A. R. Munoz and T. A. Lipo},
title = {{O}n-{L}ine {D}ead-{T}ime {C}ompensation {T}echnique for {O}pen-{L}oop {PWM}-{VSI} {D}rives},
language = {},
journal = IEEE_J_PWRE,
volume = {14},
number = {4},
pages = {683--689},
month = jul,
year = {1999},
note = {},
url = {}
}

@book{Vas,
author = {P. Vas},
editor = {},
title = {{S}ensorless {V}ector and {D}irect {T}orque {C}ontrol},
language = {},
edition = {},
series = {},
address = {},
publisher = {{O}xford {U}niversity {P}ress},
month = {},
year = {1998},
volume = {},
number = {},
note = {pp. 407--410},
url = {}
}